@comment{x-kbibtex-personnameformatting=<%l><, %f>}

@article{nicholson2001diffusion,
	author = "Nicholson, Charles",
	journal = "Reports on progress in Physics",
	number = "7",
	pages = "815",
	publisher = "IOP Publishing",
	title = "Diffusion and related transport mechanisms in brain tissue",
	volume = "64",
	year = "2001"
}

